@misc{hiv,
    title={Android HIV: A Study of Repackaging Malware for Evading Machine-Learning Detection}, 
    author={Xiao Chen and Chaoran Li and Derui Wang and Sheng Wen and Jun Zhang and Surya Nepal and Yang Xiang and Kui Ren},
    year={2018},
    eprint={1808.04218},
    archivePrefix={arXiv},
    primaryClass={cs.CR}
}

@INPROCEEDINGS{8672711,
    author={Shahpasand, Maryam and Hamey, Len and Vatsalan, Dinusha and Xue, Minhui},
    booktitle={2019 IEEE 1st International Workshop on Artificial Intelligence for Mobile (AI4Mobile)}, 
    title={Adversarial Attacks on Mobile Malware Detection}, 
    year={2019},
    volume={},
    number={},
    pages={17-20},
    doi={10.1109/AI4Mobile.2019.8672711}
}
  
@online{androides,
    author = "Alberto García Serrano",
    title = "Google se hace móvil. Android",
    url  = "https://media.cylex.mx/companies/1116/2352/uploadedfiles/11162352_634836870625603176_AndroidLM49_2012.pdf",
    keywords = "android"
}

@article{androiden,
  title={Android os: a review},
  author={Gilski, Przemyslaw and Stefanski, Jacek},
  journal={Tem Journal},
  volume={4},
  number={1},
  pages={116},
  year={2015},
  publisher={UIKTEN-Association for Information Communication Technology Education and~…}
}

@misc{adversarial,
      title={Adversarial Machine Learning at Scale}, 
      author={Alexey Kurakin and Ian Goodfellow and Samy Bengio},
      year={2017},
      eprint={1611.01236},
      archivePrefix={arXiv},
      primaryClass={cs.CV}
}

@article{malware,
  title={A survey on malware and malware detection systems},
  author={Saeed, Imtithal A and Selamat, Ali and Abuagoub, Ali MA},
  journal={International Journal of Computer Applications},
  volume={67},
  number={16},
  year={2013},
  publisher={Citeseer}
}

@online{androidwikipedia,
    author = "Wikipedia",
    title = "Android (operating system)",
    url  = "https://en.wikipedia.org/wiki/Android_(operating_system)",
    keywords = "android"
}

@online{kotlin,
    author = "Wikipedia",
    title = "Kotlin (programming language)",
    url = "https://en.wikipedia.org/wiki/Kotlin_(programming_language)",
    keywords = "android"
}

@online{androidstudio,
    author = "Google",
    title = "Project overview",
    url = "https://developer.android.com/studio/projects",
    keywords = "android"
}

% sembra fare abbastanza schifo, non credo lo riassumo
@article{grosse,
  title={Adversarial perturbations against deep neural networks for malware classification},
  author={Grosse, Kathrin and Papernot, Nicolas and Manoharan, Praveen and Backes, Michael and McDaniel, Patrick},
  journal={arXiv preprint arXiv:1606.04435},
  year={2016}
}

@Article{iot,
    AUTHOR = {Liu, Xiaolei and Du, Xiaojiang and Zhang, Xiaosong and Zhu, Qingxin and Wang, Hao and Guizani, Mohsen},
    TITLE = {Adversarial Samples on Android Malware Detection Systems for IoT Systems},
    JOURNAL = {Sensors},
    VOLUME = {19},
    YEAR = {2019},
    NUMBER = {4},
    ARTICLE-NUMBER = {974},
    URL = {https://www.mdpi.com/1424-8220/19/4/974},
    ISSN = {1424-8220},
    DOI = {10.3390/s19040974}
}